@ARTICLE{narayan2009supercomputers,
  title={{Supercomputers: Past, Present and the Future}},
  author={Narayan, Sumit},
  journal={XRDS: Crossroads, The ACM Magazine for Students},
  volume={15},
  number={4},
  pages={7--10},
  year={2009},
  publisher={ACM New York, NY, USA}
}

@MISC{top500_2024,
    author       = {{Top500 Project}},
    title        = "{TOP500 List - June 2024}",
    year         = 2024,
    url          = {https://top500.org/lists/top500/2024/06/},
    note         = {[Accessed: 2024-11-03]}
}

@INPROCEEDINGS{9355272,
  author={Isakov, Mihailo and Rosario, Eliakin del and Madireddy, Sandeep and Balaprakash, Prasanna and Carns, Philip and Ross, Robert B. and Kinsy, Michel A.},
  BOOKtitle={SC20: International Conference for High Performance Computing, Networking, Storage and Analysis}, 
  title={{HPC I/O Throughput Bottleneck Analysis with Explainable Local Models}}, 
  year={2020},
  volume={},
  number={},
  pages={1-13},
  keywords={Leadership;Tools;Writing;Throughput;Supercomputers;Space exploration;Tuning;HPC;I/O;diagnostics;machine learning;clustering},
  doi={10.1109/SC41405.2020.00037}}


@MISC{dolphin_fast_tcp_udp_ip,
  author = {{Dolphin Interconnect Solutions}},
  title        = {{Accelerated PCI Express Network Performance: Optimized TCP IP Network Driver}},
  howpublished = {\url{https://www.dolphinics.com/products/fast_TCP_UDP_IP_network_driver.html}},
  note         = {[Accessed: 2025-01-21]}
}

@MISC{fio,
  author    = {Jens Axboe},
  title     = {Flexible I/O Tester (fio) Documentation},
  year      = {2025},
  url       = {https://fio.readthedocs.io/en/latest/fio_doc.html},
  note      = {[Accessed: 2025-03-16]}
}

@MISC{dolphinics2025,
  author       = {{Dolphin Interconnect Solutions}},
  title        = {{Company Overview}},
  howpublished = {\url{https://www.dolphinics.no/company/index.html}},
  note         = {[Accessed: 2025-03-19]},
  year         = {2025}
}

@TECHREPORT{PLX_NTB_PCIe,
  author       = {{PLX Technology}},
  title        = {{Multi-Host System and Intelligent I/O Design with PCI Express}},
  institution  = {PLX Technology},
  year         = {2004},
  url          = {https://docs.broadcom.com/doc/12353427},
}

@TECHREPORT{nersc_storage_2020,
  author       = {{National Energy Research Scientific Computing Center (NERSC)}},
  title        = {{Storage 2020: A Vision for the Future of HPC Storage}},
  institution  = {National Energy Research Scientific Computing Center},
  year         = {2017},
  url          = {https://www.nersc.gov/assets/Uploads/Storage-2020-A-Vision-for-the-Future-of-HPC-Storage.pdf},
  note         = {[Accessed: 2025-04-07]}
}

@INPROCEEDINGS{6061137,
  author={Meshram, Vilobh and Besseron, Xavier and Ouyang, Xiangyong and Rajachandrasekar, Raghunath and Darbha, Ravi Prakash and Panda, Dhabaleswar K.},
  BOOKtitle={2011 IEEE International Conference on Cluster Computing}, 
  title={{Can a Decentralized Metadata Service Layer Benefit Parallel Filesystems?}}, 
  year={2011},
  volume={},
  number={},
  pages={484-493},
  keywords={Servers;Fuses;Throughput;Reliability;Scalability;Bandwidth;Kernel;parallel filesystem;metadata;distributed coordination service;virtual filesystem},
  doi={10.1109/CLUSTER.2011.85}}

@article{Denning1989,
  author  = {Peter J. Denning and Douglas E. Comer and David Gries and Michael C. Mulder and Allen Tucker and A. Joe Turner and Paul R. Young},
  title   = {{Computing as a Discipline}},
  journal = {Communications of the ACM},
  volume  = {32},
  number  = {1},
  pages   = {9--23},
  year    = {1989},
  month   = {January},
  doi     = {10.1145/63238.63239},
}

@TECHREPORT{ext4,
  title = {{Metadata Performance Evaluation of BeeGFS}},
  author = {Jan Heichler},
  institution = {ThinkParQ},
  year = {2015},
  month = {May},
  url = {https://www.beegfs.io/docs/whitepapers/Metadata_Performance_Evaluation_of_BeeGFS_by_ThinkParQ.pdf},
}

@TECHREPORT{Graid2023,
  author = {{Graid Technology Inc.}},
  title = {{SupremeRAID\texttrademark{} BeeGFS\texttrademark{} Performance with GIGABYTE Servers}},
  institution = {Graid Technology Inc.},
  year = {2023},
  month = {September},
  url = {https://www.graidtech.com/wp-content/uploads/2024/01/2023-09-29-SupremeRAID-GIGABYTE-BeeGFS-White-Paper.pdf},
}

@INPROCEEDINGS{Chowdhury2019,
author = {Chowdhury, Fahim and Zhu, Yue and Heer, Todd and Paredes, Saul and Moody, Adam and Goldstone, Robin and Mohror, Kathryn and Yu, Weikuan},
title = {{I/O Characterization and Performance Evaluation of BeeGFS for Deep Learning}},
year = {2019},
isbn = {9781450362955},
publisher = {Association for Computing Machinery},
address = {New York, NY, USA},
url = {https://doi.org/10.1145/3337821.3337902},
doi = {10.1145/3337821.3337902},
BOOKtitle = {Proceedings of the 48th International Conference on Parallel Processing},
ARTICLEno = {80},
numpages = {10},
location = {Kyoto, Japan},
series = {ICPP '19}
}

@TECHREPORT{Dell2023,
  author      = {{Dell Technologies}},
  title       = {{HPC High-Capacity Storage Solution for BeeGFS}},
  institution = {Dell Technologies},
  year        = {2023},
  month       = {January},
  number      = {H19033.1},
  type        = {White Paper},
  url         = {https://infohub.delltechnologies.com/en-us/t/hpc-high-performance-storage-solution-for-beegfs-1/}
}

@TECHREPORT{seifert2004scisocket,
  title        = {{SCI SOCKET} - {A Fast Socket Implementation over SCI}},
  author       = {Friedrich Seifert and Hugo Kohmann},
  institution  = {Foobar GmbH and Dolphin Interconnect Solutions AS},
  year         = {2004},
  note         = {Version 2},
  address      = {Chemnitz, Germany and Oslo, Norway},
  url          = {https://storusint.com/pdf/dolphindocs/sci-socket.pdf}
}

@INPROCEEDINGS{goldenberg,
  author={Goldenberg, Dror and Dar, Tzachi and Shainer, Gilad},
  booktitle={2006 IEEE International Conference on Cluster Computing}, 
  title={{Architecture and Implementation of Sockets Direct Protocol in Windows}}, 
  year={2006},
  volume={},
  number={},
  pages={1-9},
  doi={10.1109/CLUSTR.2006.311918}}
