@INPROCEEDINGS{8757229,
  author={Parnell, Lynn A. and Demetriou, Dustin W. and Kamath, Vinod and Zhang, Eric Y.},
  booktitle={2019 18th IEEE Intersociety Conference on Thermal and Thermomechanical Phenomena in Electronic Systems (ITherm)}, 
  title={Trends in High Performance Computing: Exascale Systems and Facilities Beyond the First Wave}, 
  year={2019},
  volume={},
  number={},
  pages={167-176},
  keywords={Conferences;exascale;high performance computing;energy efficiency},
  doi={10.1109/ITHERM.2019.8757229}}

@incollection{cook2015history,
  title={History of supercomputing and supercomputer centers},
  author={Cook, Jeffrey S and Gupta, Neha},
  booktitle={Research and Applications in Global Supercomputing},
  pages={33--55},
  year={2015},
  publisher={IGI Global}
}

@misc{top500_2024,
    author       = {{Top500 Project}},
    title        = "{TOP500 List - June 2024}",
    year         = 2024,
    url          = {https://top500.org/lists/top500/2024/06/},
    note         = "Accessed: 2024-11-03"
}

@INPROCEEDINGS{9355272,
  author={Isakov, Mihailo and Rosario, Eliakin del and Madireddy, Sandeep and Balaprakash, Prasanna and Carns, Philip and Ross, Robert B. and Kinsy, Michel A.},
  booktitle={SC20: International Conference for High Performance Computing, Networking, Storage and Analysis}, 
  title={HPC I/O Throughput Bottleneck Analysis with Explainable Local Models}, 
  year={2020},
  volume={},
  number={},
  pages={1-13},
  keywords={Leadership;Tools;Writing;Throughput;Supercomputers;Space exploration;Tuning;HPC;I/O;diagnostics;machine learning;clustering},
  doi={10.1109/SC41405.2020.00037}}


@misc{dolphin_fast_tcp_udp_ip,
  author       = {{Dolphin Interconnect Solutions}},
  title        = {Accelerated PCI Express Network Performance: Optimized TCP IP Network Driver},
  howpublished = {\url{https://www.dolphinics.com/products/fast_TCP_UDP_IP_network_driver.html}},
  note         = {Accessed: 2025-01-21}
}
